Untuk setiap referensi, baris pertama (newton1687) merupakan label dan baris-baris berikutnya
merupakan atribut dari referensi yang akan digunakan. Umumnya, format referensi berikut sudah
disediakan oleh penyedia sumber referensi secara online dan bisa langsung ditaruh di sini.

Lihat https://www.bibtex.com/g/bibtex-format/ untuk informasi lebih lanjut mengenai format
BibTex yang digunakan pada file ini.

@article{hochreiter1997long,
  title={Long short-term memory},
  author={Hochreiter, Sepp and Schmidhuber, J{\"u}rgen},
  journal={Neural computation},
  volume={9},
  number={8},
  pages={1735--1780},
  year={1997},
  publisher={MIT Press}
}

@inproceedings{vaswani2017attention,
  title={Attention is all you need},
  author={Vaswani, Ashish and Shazeer, Noam and Parmar, Niki and Uszkoreit, Jakob and Jones, Llion and Gomez, Aidan N and Kaiser, Lukasz and Polosukhin, Illia},
  booktitle={Advances in neural information processing systems},
  pages={5998--6008},
  year={2017}
}

@book{brownlee2017deep,
  title={Deep learning for time series forecasting: Predict the future with MLPs, CNNs and LSTMs in Python},
  author={Brownlee, Jason},
  year={2017},
  publisher={Machine Learning Mastery}
}

@article{singh2020stock,
  title={Stock price prediction using machine learning: A review paper},
  author={Singh, Manoj and Srivastava, Sushil Kumar},
  journal={Journal of King Saud University-Computer and Information Sciences},
  volume={32},
  number={7},
  pages={1037--1043},
  year={2020},
  publisher={Elsevier}
}

@inproceedings{zhang2019research,
  title={Research on stock price prediction model based on LSTM},
  author={Zhang, Yanwei and Guo, Wenping},
  booktitle={Procedia computer science},
  volume={147},
  pages={400--406},
  year={2019},
  publisher={Elsevier}
}

@inproceedings{zhou2021time,
  title={A time series transformer model for stock price forecasting},
  author={Zhou, Yue and Xiao, Yun},
  booktitle={2021 IEEE International Conference on Artificial Intelligence and Computer Applications},
  pages={1--5},
  year={2021},
  organization={IEEE}
}

@article{borovykh2017conditional,
  title={Conditional time series forecasting with convolutional neural networks},
  author={Borovykh, Anastasia and Bohte, Sander and Oosterlee, Cornelis W},
  journal={Journal of Computational Finance},
  volume={22},
  number={4},
  pages={29--52},
  year={2017}
}

@article{wang2020time,
  title={Time series analysis and forecasting by using deep learning models: A comparative study on stock price prediction},
  author={Wang, Yuxin and Liu, Bo},
  journal={IEEE Access},
  volume={8},
  pages={178854--178866},
  year={2020},
  publisher={IEEE}
}
@article{zeng2023transformers,
  author    = {Ailing Zeng and Muxi Chen and Lei Zhang and Qiang Xu},
  title     = {Are Transformers Effective for Time Series Forecasting?},
  journal   = {Proceedings of the ... (Tambahkan Nama Konferensi atau Jurnal Jika Ada)},
  year      = {2023},
  publisher = {The Chinese University of Hong Kong and International Digital Economy Academy (IDEA)},
  note      = {Equal contribution},
  url       = {https://arxiv.org/abs/xxxx.xxxxx} % Ganti dengan URL jika tersedia
}
@article{wen2023transformers,
  author    = {Qingsong Wen and Tian Zhou and Chaoli Zhang and Weiqi Chen and Ziqing Ma and Junchi Yan and Liang Sun},
  title     = {Transformers in Time Series: A Survey},
  journal   = {Proceedings of the ... (tambahkan jika ada nama jurnal/konferensi)},
  year      = {2023},
  publisher = {DAMO Academy, Alibaba Group},
  note      = {Available online at \url{https://arxiv.org/abs/xxxx.xxxxx}}, % Ganti dengan URL jika ada
  address   = {Bellevue, USA and Hangzhou, China}
}
@article{malkiel2003efficient,
  author = {Malkiel, Burton G.},
  title = {The Efficient Market Hypothesis and Its Critics},
  journal = {Journal of Economic Perspectives},
  year = {2003},
  volume = {17},
  number = {1},
  pages = {59--82}
}
@book{koller2014valuation,
  author = {Koller, Guy and Wright, Christian},
  title = {Valuation: Measuring and Managing the Value of Companies},
  edition = {6th},
  year = {2014},
  publisher = {Wiley}
}
@article{lahmiri2020forecasting,
  author = {Lahmiri, S. and Bensaid, H.},
  title = {Forecasting Stock Market Returns Using Machine Learning Techniques: A Survey},
  journal = {Journal of Computational and Applied Mathematics},
  year = {2020},
  volume = {368},
  pages = {112516}
}
@book{mishkin2018financial,
  author = {Mishkin, Frederic S. and Eakins, Stanley G.},
  title = {Financial Markets and Institutions},
  edition = {9th},
  year = {2018},
  publisher = {Pearson}
}
@misc{bis2023triennial,
  author = {Bank for International Settlements (BIS)},
  title = {Triennial Central Bank Survey of Foreign Exchange and OTC Derivatives Markets in 2023},
  year = {2023},
  howpublished = {\url{https://www.bis.org}}
}
@book{hull2015options,
  author = {Hull, John C.},
  title = {Options, Futures, and Other Derivatives},
  edition = {9th},
  year = {2015},
  publisher = {Pearson}
}
@book{goodfellow2016deep,
  author    = {Ian Goodfellow and Yoshua Bengio and Aaron Courville},
  title     = {Deep Learning},
  publisher = {MIT Press},
  year      = {2016}
}

@article{hochreiter1997long,
  author    = {Sepp Hochreiter and J{\"u}rgen Schmidhuber},
  title     = {Long Short-Term Memory},
  journal   = {Neural Computation},
  volume    = {9},
  number    = {8},
  pages     = {1735--1780},
  year      = {1997},
  doi       = {10.1162/neco.1997.9.8.1735}
}

@article{lecun2015deep,
  author    = {Yann LeCun and Yoshua Bengio and Geoffrey Hinton},
  title     = {Deep learning},
  journal   = {Nature},
  volume    = {521},
  number    = {7553},
  pages     = {436--444},
  year      = {2015},
  doi       = {10.1038/nature14539}
}

@inproceedings{vaswani2017attention,
  author    = {Ashish Vaswani and Noam Shazeer and Niki Parmar and Jakob Uszkoreit and Llion Jones and Aidan N. Gomez and Lukasz Kaiser and Illia Polosukhin},
  title     = {Attention is all you need},
  booktitle = {Advances in Neural Information Processing Systems},
  pages     = {5998--6008},
  year      = {2017}
}
@book{box2015time,
  author    = {Box, George E. P. and Jenkins, Gwilym M. and Reinsel, Gregory C.},
  title     = {Time Series Analysis: Forecasting and Control},
  edition   = {5th},
  year      = {2015},
  publisher = {Wiley}
}

@article{hochreiter1997long,
  author    = {Hochreiter, Sepp and Schmidhuber, J{\"u}rgen},
  title     = {Long Short-Term Memory},
  journal   = {Neural Computation},
  volume    = {9},
  number    = {8},
  pages     = {1735--1780},
  year      = {1997},
  doi       = {10.1162/neco.1997.9.8.1735}
}

@inproceedings{vaswani2017attention,
  author    = {Vaswani, Ashish and Shazeer, Noam and Parmar, Niki and Uszkoreit, Jakob and Jones, Llion and Gomez, Aidan N. and Kaiser, Lukasz and Polosukhin, Illia},
  title     = {Attention is all you need},
  booktitle = {Advances in Neural Information Processing Systems},
  pages     = {5998--6008},
  year      = {2017}
}

@book{goodfellow2016deep,
  author    = {Goodfellow, Ian and Bengio, Yoshua and Courville, Aaron},
  title     = {Deep Learning},
  year      = {2016},
  publisher = {MIT Press}
}